<?xml version="1.0" encoding="UTF-8"?>
<record>
  <leader>02677nam a2200349 i 4500</leader>
  <controlfield tag="001">99371463467006441</controlfield>
  <controlfield tag="005">20231207044322.0</controlfield>
  <controlfield tag="006">m     o  d        </controlfield>
  <controlfield tag="007">cr#|||||||||||</controlfield>
  <controlfield tag="008">230605s1929    nyua    o     000 0 eng d</controlfield>
  <datafield tag="035" ind1=" " ind2=" ">
    <subfield code="a">(CKB)3710000000431813</subfield>
  </datafield>
  <datafield tag="035" ind1=" " ind2=" ">
    <subfield code="a">(NjHacI)993710000000431813</subfield>
  </datafield>
  <datafield tag="035" ind1=" " ind2=" ">
    <subfield code="a">(EXLCZ)993710000000431813</subfield>
  </datafield>
  <datafield tag="040" ind1=" " ind2=" ">
    <subfield code="a">NjHacI</subfield>
    <subfield code="b">eng</subfield>
    <subfield code="e">rda</subfield>
    <subfield code="c">NjHacl</subfield>
  </datafield>
  <datafield tag="050" ind1=" " ind2="4">
    <subfield code="a">HM251</subfield>
    <subfield code="b">.S544 1929</subfield>
  </datafield>
  <datafield tag="082" ind1="0" ind2="4">
    <subfield code="a">302</subfield>
    <subfield code="2">23</subfield>
  </datafield>
  <datafield tag="100" ind1="1" ind2=" ">
    <subfield code="a">Sheffield, Alfred Dwight,</subfield>
    <subfield code="d">1871-1961.,</subfield>
    <subfield code="d">Sheffield, Alfred Dwight,</subfield>
    <subfield code="d">1871-1961.,</subfield>
    <subfield code="e">author.</subfield>
  </datafield>
  <datafield tag="245" ind1="1" ind2="0">
    <subfield code="a">Training for group experience :</subfield>
    <subfield code="b">A syllabus of materials from a laboratory course for group leaders given at Columbia University in 1927 /</subfield>
    <subfield code="c">Alfred Dwight Sheffield, Harrison Sacket Elliot.</subfield>
  </datafield>
  <datafield tag="246" ind1=" " ind2=" ">
    <subfield code="a">Training for group experience</subfield>
  </datafield>
  <datafield tag="264" ind1=" " ind2="1">
    <subfield code="a">New York :</subfield>
    <subfield code="b">Inquiry,</subfield>
    <subfield code="c">1929.</subfield>
  </datafield>
  <datafield tag="300" ind1=" " ind2=" ">
    <subfield code="a">1 online resource (xv, 105 pages) :</subfield>
    <subfield code="b">diagrams.</subfield>
  </datafield>
  <datafield tag="336" ind1=" " ind2=" ">
    <subfield code="a">text</subfield>
    <subfield code="b">txt</subfield>
    <subfield code="2">rdacontent</subfield>
  </datafield>
  <datafield tag="337" ind1=" " ind2=" ">
    <subfield code="a">computer</subfield>
    <subfield code="b">c</subfield>
    <subfield code="2">rdamedia</subfield>
  </datafield>
  <datafield tag="338" ind1=" " ind2=" ">
    <subfield code="a">online resource</subfield>
    <subfield code="b">cr</subfield>
    <subfield code="2">rdacarrier</subfield>
  </datafield>
  <datafield tag="490" ind1="0" ind2=" ">
    <subfield code="a">PsychBooks Collection</subfield>
  </datafield>
  <datafield tag="588" ind1=" " ind2=" ">
    <subfield code="a">Description based on print version record.</subfield>
  </datafield>
  <datafield tag="520" ind1=" " ind2=" ">
    <subfield code="a">"Through the Columbia University Extension, accordingly, there was planned a semester of study of group leadership, to be conducted by Professor Harrison S. Elliott and members of the Inquiry staff. The students were to be drawn from the cooperating bodies and were to meet the following requirements : (1) They should show some promise of group leadership. (2) They should secure field work in discussion-leading with groups connected with their own agencies. The course was carried out in the spring semester, February 2 to May 21, 1927, with sixty-eight students. The results of their cooperation have been such that the Inquiry is now under request from many quarters to continue the enterprise as a piece of educational pioneering especially addressed to the complex institutional life of our day. Before committing itself, however, to repeat this special service, the Inquiry offers the present booklet by way of interpreting the project--believing the resources for developing it to be now so promising that other educational agencies will be encouraged to take it up for the scientific advancement of group experience in all parts of the country"--Preface. (PsycINFO Database Record (c) 2015 APA, all rights reserved).</subfield>
  </datafield>
  <datafield tag="505" ind1="0" ind2=" ">
    <subfield code="a">The general plan of the course -- Group problems brought into the course -- Discussion as the redirection of experience -- Outlining a training course for group leaders.</subfield>
  </datafield>
  <datafield tag="650" ind1=" " ind2="0">
    <subfield code="a">Social psychology.</subfield>
  </datafield>
  <datafield tag="650" ind1=" " ind2="0">
    <subfield code="a">Clubs.</subfield>
  </datafield>
  <datafield tag="650" ind1=" " ind2="0">
    <subfield code="a">Social groups.</subfield>
  </datafield>
  <datafield tag="700" ind1="1" ind2=" ">
    <subfield code="a">Elliott, Harrison S.</subfield>
    <subfield code="q">(Harrison Sacket),</subfield>
    <subfield code="d">1882-1951,</subfield>
    <subfield code="e">author.</subfield>
  </datafield>
  <datafield tag="906" ind1=" " ind2=" ">
    <subfield code="a">BOOK</subfield>
  </datafield>
  <datafield tag="MBD" ind1=" " ind2=" ">
    <subfield code="M">49HBZ_NETWORK</subfield>
    <subfield code="i">99371463467006441</subfield>
    <subfield code="n">HBZ Network</subfield>
  </datafield>
  <datafield tag="MBD" ind1=" " ind2=" ">
    <subfield code="M">49HBZ_ULM</subfield>
    <subfield code="i">991044879075206449</subfield>
    <subfield code="n">Universität Münster</subfield>
  </datafield>
  <datafield tag="MNG" ind1=" " ind2=" ">
    <subfield code="c">system</subfield>
    <subfield code="f">CKB</subfield>
    <subfield code="i">marc21</subfield>
    <subfield code="e">false</subfield>
    <subfield code="d">2023-12-22 23:47:20 Europe/Berlin</subfield>
    <subfield code="g">993710000000431813</subfield>
    <subfield code="a">CKB</subfield>
    <subfield code="b">2022-07-29 16:37:46 Europe/Berlin</subfield>
  </datafield>
  <datafield tag="POR" ind1=" " ind2=" ">
    <subfield code="j">EBSCOhost</subfield>
    <subfield code="x">System</subfield>
    <subfield code="a">53640736510006449</subfield>
    <subfield code="M">49HBZ_ULM</subfield>
    <subfield code="p">61631841780006449</subfield>
    <subfield code="q">Lizenz (befr.) - EBSCOhost APA PsycBooks</subfield>
    <subfield code="c">param</subfield>
    <subfield code="o">613170000000000192</subfield>
    <subfield code="y">2022-07-29 16:31:40 Europe/Berlin</subfield>
    <subfield code="w">2022-07-29 16:31:39 Europe/Berlin</subfield>
    <subfield code="D">https://eu04.alma.exlibrisgroup.com/view/uresolver/49HBZ_NETWORK/openurl?u.ignore_date_coverage=true&amp;portfolio_pid=53640736510006449&amp;Force_direct=true</subfield>
    <subfield code="v">System</subfield>
    <subfield code="z">2022-07-29 14:31:39</subfield>
    <subfield code="i">false</subfield>
    <subfield code="S">62631841770006449</subfield>
    <subfield code="d">https://hbz-network.userservices.exlibrisgroup.com/view/uresolver/49HBZ_NETWORK/openurl?u.ignore_date_coverage=true&amp;rft.mms_id=991044879075206449</subfield>
    <subfield code="b">Available</subfield>
    <subfield code="f">BOOK</subfield>
    <subfield code="8">53640736510006449</subfield>
  </datafield>
</record>
